@misc{dgraph,
title = {Dgraph | Open Source, AI-Ready Graph Database},
url = {https://dgraph.io/},
annote = {дата обращения: 04.09.2024},
language = {english}
}

@misc{graphql,
title = {GraphQL | A query language for your API},
url = {https://graphql.org/},
annote = {дата обращения: 04.09.2024},
language = {english}
}

@misc{graphqlVsDql,
title = {GraphQL vs DQL - Dgraph Blog},
url = {https://dgraph.io/blog/post/graphql-vs-dql/},
annote = {дата обращения: 04.09.2024},
language = {english}
}

@misc{rdf,
title = {RDF - Semantic Web Standart},
url = {https://www.w3.org/RDF/},
annote = {дата обращения: 04.09.2024},
language = {english}
}

@misc{elliptic,
title = {EllipticPlusPlus/Transactions Dataset at main | git-disl/EllipticPlusPlus},
url = {https://github.com/git-disl/EllipticPlusPlus},
annote = {дата обращения: 04.09.2024},
language = {english}
}

@misc{mooc,
title = {SNAP: Social network: MOOC User Actions Dataset},
url = {https://snap.stanford.edu/data/act-mooc.html},
annote = {дата обращения: 04.09.2024},
language = {english}
}

@misc{roadnet,
title = {SNAP: Network datasets: California road network},
url = {https://snap.stanford.edu/data/roadNet-CA.html},
annote = {дата обращения: 04.09.2024},
language = {english}
}

@misc{erc20,
title = {SNAP: ERC20 Stablecoins},
url = {https://snap.stanford.edu/data/ERC20-stablecoins.html},
annote = {дата обращения: 04.09.2024},
language = {english}
}

@misc{dockerCompose,
title = {Docker Compose overview | Docker Docs},
url = {https://docs.docker.com/compose/},
annote = {дата обращения: 04.09.2024},
language = {english}
}

@misc{csv2json,
title = {csv2json - npm},
url = {https://www.npmjs.com/package/csv2json},
annote = {дата обращения: 04.09.2024},
language = {english}
}

@misc{jq,
title = {jq},
url = {https://jqlang.github.io/jq/},
annote = {дата обращения: 04.09.2024},
language = {english}
}

@misc{sources,
title = {affeeal/iu9-databases-coursework: ''Databases'' coursework, BMSTU, IU9, 6th term},
url = {https://github.com/affeeal/iu9-databases-coursework},
annote = {дата обращения: 04.09.2024},
language = {english}
}

@misc{dgo,
title = {dgraph-io/dgo: Official Dgraph Go client},
url = {https://github.com/dgraph-io/dgo},
annote = {дата обращения: 04.09.2024},
language = {english}
}

@misc{pbnjayMemory,
title = {pbnjay/memory: A go function to report total system memory},
url = {https://github.com/pbnjay/memory},
annote = {дата обращения: 04.09.2024},
language = {english}
}
